@book{artofprogramming,
	author = {Donald E. Knuth},
	year = {1997},
	title = {The Art of Computer Programming},
	publisher = {Addison-Wesley Professional},
	pages = {10--26},
	chapter = {Seminumerical Algorithms}
}

@online{mersenne,
	title= {Mersenne Primes},
	url={https://en.wikipedia.org/wiki/Mersenne_prime},
	author={Wikipedia},
	urldate={2021-08-29}
}

@online{ns3-random,
	title={Random Variales},
	url={https://www.nsnam.org/docs/manual/html/random-variables.html},
	author={Ns3},
	urldate={2021-08-29},
}

@article{random-pierre,
	title={AN OBJECT-ORIENTED RANDOM-NUMBER PACKAGEWITH MANY LONG STREAMS AND SUBSTREAMS},
	author={PIERRE L’ECUYER and PIERRE L’ECUYE and E. JACK CHEN and E. JACK CHEN},
	year={2000}
}
